@Misc{Ronacher,
  author =    {{Armin Ronacher} and others},
  title =     {{Flask}: web development one drop at a time},
  year =      {2010--},
  url = "http://flask.pocoo.org/",
  note = {[Online; accessed 2017-09-04]}
}

@ARTICLE{Smith,
   author = {{Ed Smith} and others},
    title = "{HST Filenames}",
  journal = {Introduction to the HST Data Handbooks},
     year = 2011,
   volume = 8.0,
    pages = {98-99},
      url = {http://www.stsci.edu/hst/HST_overview/documents/datahandbook/hstdh_intro.pdf}
}